@book{progmacionlineal,
    author = {M. Simonnard},
    title = {Programacion Lineal},
    publisher = {Paraninfo},
    year = {1972},
}


@misc{kschischang2021,
    author = {Frank R. Kschischang},
    title = {Theorems of Carath√©odory, Randon, and Helly},
    howpublished = {https://www.comm.utoronto.ca/~frank/notes/caratheodory.pdf},
    year = {year},
    month = {january},
    note = {University of Toronto},
}

